@misc{options,
  author = {Wordpress Codex},
  title = {{Options API}},
  howpublished = "\url{https://codex.wordpress.org/Options_API}",
}

@misc{hooks,
  author = {Wordpress Codex},
  title = {{Hooks}},
  howpublished = "\url{https://developer.wordpress.org/plugins/hooks/}",
}

@misc{menus,
  author = {Wordpress Codex},
  title = {{Menu Pages}},
  howpublished = "\url{https://codex.wordpress.org/Adding_Administration_Menus}",
}

@misc{wikipediaapi,
  author = {Wikimedia Foundation},
  title = {{Geosearch API}},
  howpublished = "\url{https://www.mediawiki.org/wiki/API:Geosearch}",
}

@misc{postaction,
  author = {Wordpress Codex},
  title = {{Post Actions API}},
  howpublished = "\url{https://codex.wordpress.org/Plugin_API/Action_Reference/admin_post_(action)}",
}

@misc{shortcode,
  author = {Wordpress Codex},
  title = {{Shortcode API}},
  howpublished = "\url{https://codex.wordpress.org/Shortcode_API}",
}


@misc{locpicker,
  author = {Logicify},
  title = {{JQuery location picker}},
  howpublished = "\url{https://github.com/Logicify/jquery-locationpicker-plugin}",
}
